<record xmlns="http://www.loc.gov/MARC21/slim" xmlns:xsi="http://www.w3.org/2001/XMLSchema-instance" xsi:schemaLocation="http://www.loc.gov/MARC21/slim http://www.loc.gov/standards/marcxml/schema/MARC21slim.xsd"><leader>02809nam a2200505   4500</leader><controlfield tag="001">3072015</controlfield><controlfield tag="003">NNC</controlfield><controlfield tag="006">m        d        </controlfield><controlfield tag="007">cr cn |||m|||a</controlfield><controlfield tag="008">150110s1964    iq h    ob    000 0 arar </controlfield><datafield ind1=" " ind2=" " tag="040"><subfield code="a">NNU</subfield><subfield code="b">eng</subfield><subfield code="e">rda</subfield><subfield code="c">NNU</subfield></datafield><datafield ind1="0" ind2=" " tag="041"><subfield code="a">ara</subfield><subfield code="a">eng</subfield></datafield><datafield ind1=" " ind2=" " tag="043"><subfield code="a">a-iq---</subfield></datafield><datafield ind1=" " ind2="4" tag="050"><subfield code="a">JX1679</subfield><subfield code="b">.S3 1964</subfield></datafield><datafield ind1="1" ind2=" " tag="100"><subfield code="6">880-01</subfield><subfield code="a">S&#803;a&#772;bi&#772;, Hila&#772;l ibn al-Muh&#803;assin,</subfield><subfield code="d">970-1056.</subfield></datafield><datafield ind1="1" ind2="0" tag="245"><subfield code="6">880-02</subfield><subfield code="a">Rusu&#772;m da&#772;r al-khila&#772;fah /</subfield><subfield code="c">ta&#700;li&#772;f Abi&#772; al-H&#803;usayn Hila&#772;l ibn al-Muh&#803;assin al-S&#803;a&#772;bi&#772; ; &#699;uniya&#769; bi-tah&#803;qi&#772;qih wa-al-ta&#699;li&#772;q &#699;alayh wa-nashrih Mikha&#772;&#700;i&#772;l &#699;Awwa&#772;d.</subfield></datafield><datafield ind1="1" ind2="5" tag="246"><subfield code="6">880-03</subfield><subfield code="a">Rusu&#772;m da&#772;r al-khila&#772;fah; the etiquette, protocol and diplomacy of the &#699;Abba&#772;sid caliphate in Baghda&#772;d</subfield></datafield><datafield ind1=" " ind2=" " tag="260"><subfield code="6">880-04</subfield><subfield code="a">Baghda&#772;d :</subfield><subfield code="b">Mat&#803;ba&#699;at al-&#699;A&#772;ni&#772;,</subfield><subfield code="c">1964.</subfield></datafield><datafield ind1=" " ind2=" " tag="300"><subfield code="a">online resource (206 pages) :</subfield><subfield code="b">facsimiles</subfield></datafield><datafield ind1=" " ind2=" " tag="336"><subfield code="a">text</subfield><subfield code="2">rdacontent</subfield></datafield><datafield ind1=" " ind2=" " tag="337"><subfield code="a">computer</subfield><subfield code="2">rdamedia</subfield></datafield><datafield ind1=" " ind2=" " tag="338"><subfield code="a">online resource</subfield><subfield code="2">rdacarrier</subfield></datafield><datafield ind1=" " ind2=" " tag="500"><subfield code="a">Edited with a preface, notes and indices, by Mi&#772;k&#818;ha&#772;&#700;i&#772;l &#699;Awa&#772;d.</subfield></datafield><datafield ind1=" " ind2=" " tag="500"><subfield code="a">Part of the Arabic Collections Online (ACO) project, contributed by Columbia University Libraries.</subfield></datafield><datafield ind1=" " ind2=" " tag="504"><subfield code="a">Includes bibliographical references (pages 172-188).</subfield></datafield><datafield ind1=" " ind2=" " tag="533"><subfield code="a">Electronic reproduction.</subfield><subfield code="b">New York, N.Y. :</subfield><subfield code="c">New York University,</subfield><subfield code="d">2015.</subfield><subfield code="5">NNU</subfield></datafield><datafield ind1=" " ind2="0" tag="650"><subfield code="a">Diplomatic etiquette</subfield><subfield code="z">Iraq</subfield><subfield code="x">History.</subfield></datafield><datafield ind1=" " ind2="0" tag="650"><subfield code="a">Abbasids.</subfield></datafield><datafield ind1=" " ind2="7" tag="650"><subfield code="a">Abbasids.</subfield><subfield code="2">fast</subfield><subfield code="0">(OCoLC)fst00794211</subfield></datafield><datafield ind1=" " ind2="7" tag="650"><subfield code="a">Diplomatic etiquette.</subfield><subfield code="2">fast</subfield><subfield code="0">(OCoLC)fst00894384</subfield></datafield><datafield ind1=" " ind2="7" tag="651"><subfield code="a">Iraq.</subfield><subfield code="2">fast</subfield><subfield code="0">(OCoLC)fst01205757</subfield></datafield><datafield ind1=" " ind2="7" tag="655"><subfield code="a">History.</subfield><subfield code="2">fast</subfield><subfield code="0">(OCoLC)fst01411628</subfield></datafield><datafield ind1="1" ind2=" " tag="700"><subfield code="6">880-05</subfield><subfield code="a">&#699;Awwa&#772;d, Mi&#772;kha&#772;&#700;i&#772;l.</subfield></datafield><datafield ind1="2" ind2=" " tag="710"><subfield code="a">Columbia University.</subfield><subfield code="b">Libraries.</subfield></datafield><datafield ind1="0" ind2=" " tag="730"><subfield code="a">Arabic Collections Online.</subfield></datafield><datafield ind1="0" ind2="8" tag="776"><subfield code="i">Online version:</subfield><subfield code="a">S&#803;a&#772;bi&#772;, Hila&#772;l ibn al-Muh&#803;assin, 970-1056.</subfield><subfield code="t">Rusu&#772;m da&#772;r al-khila&#772;fah.</subfield><subfield code="d">Baghda&#772;d : Mat&#803;ba&#699;at al-&#699;A&#772;ni&#772;, 1964</subfield><subfield code="w">(OCoLC)681096653</subfield></datafield><datafield ind1="0" ind2="8" tag="776"><subfield code="i">Print version:</subfield><subfield code="a">S&#803;a&#772;bi&#772;, Hila&#772;l ibn al-Muh&#803;assin, 970-1056.</subfield><subfield code="t">Rusu&#772;m da&#772;r al-khila&#772;fah</subfield><subfield code="w">(NNC)3072015</subfield><subfield code="w">(DLC)ne 66001303 </subfield><subfield code="w">(OCoLC)30940642</subfield></datafield><datafield ind1="4" ind2="0" tag="856"><subfield code="u">http://hdl.handle.net/2333.1/8gtht911</subfield></datafield><datafield ind1="1" ind2=" " tag="880"><subfield code="6">100-01/r</subfield><subfield code="a">&#1589;&#1575;&#1576;&#1610;&#1548; &#1607;&#1604;&#1575;&#1604; &#1576;&#1606; &#1575;&#1604;&#1605;&#1581;&#1587;&#1606;&#1548;,</subfield><subfield code="d">970-1056.</subfield></datafield><datafield ind1="1" ind2="0" tag="880"><subfield code="6">245-02/r</subfield><subfield code="a">&#1585;&#1587;&#1608;&#1605; &#1583;&#1575;&#1585; &#1575;&#1604;&#1582;&#1604;&#1575;&#1601;&#1577; /</subfield><subfield code="c">&#1578;&#1571;&#1604;&#1610;&#1601; &#1575;&#1576;&#1610; &#1575;&#1604;&#1581;&#1587;&#1610;&#1606; &#1607;&#1604;&#1575;&#1604; &#1576;&#1606; &#1575;&#1604;&#1605;&#1581;&#1587;&#1606; &#1575;&#1604;&#1589;&#1575;&#1576;&#1610; &#1563; &#1593;&#1606;&#1610;&#1609; &#1576;&#1578;&#1581;&#1602;&#1610;&#1602;&#1607; &#1608;&#1575;&#1604;&#1578;&#1593;&#1604;&#1610;&#1602; &#1593;&#1604;&#1610;&#1607; &#1608;&#1606;&#1588;&#1585;&#1607; &#1605;&#1582;&#1575;&#1574;&#1610;&#1604; &#1593;&#1608;&#1575;&#1583;.</subfield></datafield><datafield ind1="1" ind2="5" tag="880"><subfield code="6">246-03/r</subfield><subfield code="a">&#1585;&#1587;&#1608;&#1605; &#1583;&#1575;&#1585; &#1575;&#1604;&#1582;&#1604;&#1575;&#1601;&#1607;&#1563;  the etiquette, protocol and diplomacy of the &#699;Abba&#772;sid caliphate in Baghda&#772;d</subfield></datafield><datafield ind1=" " ind2=" " tag="880"><subfield code="6">260-04/r</subfield><subfield code="a">&#1576;&#1594;&#1583;&#1575;&#1583; :</subfield><subfield code="b">&#1605;&#1591;&#1576;&#1593;&#1577; &#1575;&#1604;&#1593;&#1575;&#1606;&#1610;&#1548;</subfield><subfield code="c">1964.</subfield></datafield><datafield ind1="1" ind2=" " tag="880"><subfield code="6">700-05/r</subfield><subfield code="a">&#1593;&#1608;&#1575;&#1583;&#1548; &#1605;&#1610;&#1582;&#1575;&#1574;&#1610;&#1604;.</subfield></datafield><datafield ind1=" " ind2=" " tag="959"><subfield code="a">NNU</subfield><subfield code="b">WEB</subfield><subfield code="c">GENI</subfield><subfield code="t">0</subfield><subfield code="m">Electronic access</subfield><subfield code="s">01</subfield></datafield><datafield ind1=" " ind2=" " tag="999"><subfield code="i">NNC_3072015</subfield><subfield code="o">(OCoLC)30940642</subfield><subfield code="e">OK</subfield></datafield></record>